<?xml version="1.0" encoding="UTF-8"?>
<record xmlns="http://www.loc.gov/MARC21/slim">
   <leader>02105cam a2200361Ia 4500</leader>
   <controlfield tag="001">1319142</controlfield>
   <controlfield tag="003">NjP</controlfield>
   <controlfield tag="005">20190705143625.0</controlfield>
   <controlfield tag="008">092580s1949    ua a     b    000 0 arard</controlfield>
   <datafield tag="024" ind1="7" ind2=" ">
      <subfield code="a">princeton_aco003767</subfield>
      <subfield code="2">local</subfield>
   </datafield>
   <datafield ind1=" " ind2=" " tag="035">
      <subfield code="a">(CStRLIN)RLINGEAC00127416-B</subfield>
   </datafield>
   <datafield ind1=" " ind2=" " tag="035">
      <subfield code="9">CDW2184TS</subfield>
   </datafield>
   <datafield ind1=" " ind2=" " tag="040">
      <subfield code="a">OSU</subfield>
      <subfield code="c">PUL</subfield>
      <subfield code="d">OCL</subfield>
      <subfield code="d">OCLCQ</subfield>
      <subfield code="d">ORZ</subfield>
      <subfield code="d">OCLCG</subfield>
      <subfield code="d">PUL</subfield>
   </datafield>
   <datafield ind1=" " ind2=" " tag="066">
      <subfield code="c">(3</subfield>
   </datafield>
   <datafield ind1=" " ind2=" " tag="043">
      <subfield code="a">f-ua---</subfield>
   </datafield>
   <datafield ind1=" " ind2=" " tag="090">
      <subfield code="a">DS97.5</subfield>
      <subfield code="b">.T37 1949</subfield>
   </datafield>
   <datafield ind1=" " ind2=" " tag="049">
      <subfield code="a">PULL</subfield>
   </datafield>
   <datafield ind1=" " ind2=" " tag="035">
      <subfield code="a">(OCoLC)ocm21942697</subfield>
   </datafield>
   <datafield ind1="0" ind2="3" tag="245">
      <subfield code="6">880-01</subfield>
      <subfield code="a">al-Tārīkh al-ḥarbī li-ʻaṣr Muḥammad ʻAlī al-kabīr :</subfield>
      <subfield code="b">kharāʾiṭ baʻḍ al-maʻārik al-ḥarbīyah, Ḥimṣ, Bīlān, Qawnīyah /</subfield>
      <subfield code="c">jamaʻahā wa-ḥaqqaqahā ʻUmar Ṭūsūn.</subfield>
   </datafield>
   <datafield ind1=" " ind2=" " tag="260">
      <subfield code="a">[al-Qāhirah] :</subfield>
      <subfield code="b">Dār al-Maʻārif, al-Jamʻīyah al-Malakīyah lil-Dirāsāt al-Tārīkhīyah,</subfield>
      <subfield code="c">[1949]</subfield>
   </datafield>
   <datafield ind1=" " ind2=" " tag="300">
      <subfield code="a">1 v. (unpaged) :</subfield>
      <subfield code="b">ill. ;</subfield>
      <subfield code="c">28 x 42 cm.</subfield>
   </datafield>
   <datafield ind1=" " ind2=" " tag="500">
      <subfield code="a">"Al-Dhikrá al-miʾawīyah lil-maghfūr lahu Muḥammad ʻAlī al-Kabīr."--Cover.</subfield>
   </datafield>
   <datafield ind1=" " ind2=" " tag="504">
      <subfield code="a">Includes bibliographical references.</subfield>
   </datafield>
   <datafield ind1=" " ind2="0" tag="650">
      <subfield code="a">Turco-Egyptian Conflict, 1831-1840</subfield>
      <subfield code="v">Maps.</subfield>
   </datafield>
   <datafield ind1=" " ind2="0" tag="651">
      <subfield code="a">Egypt</subfield>
      <subfield code="x">History</subfield>
      <subfield code="y">Mohammed Ali, 1805-1849.</subfield>
      <subfield code="0">http://id.loc.gov/authorities/subjects/sh85041301</subfield>
   </datafield>
   <datafield ind1="0" ind2="0" tag="600">
      <subfield code="a">Muḥammad ʻAlī Bāshā,</subfield>
      <subfield code="c">Governor of Egypt,</subfield>
      <subfield code="d">1769-1849.</subfield>
      <subfield code="0">http://id.loc.gov/authorities/names/n85342721</subfield>
   </datafield>
   <datafield ind1="1" ind2=" " tag="700">
      <subfield code="6">880-02</subfield>
      <subfield code="a">Ṭūsūn, ʻUmar,</subfield>
      <subfield code="c">Prince,</subfield>
      <subfield code="d">1872-1944.</subfield>
      <subfield code="0">http://id.loc.gov/authorities/names/n84173650</subfield>
   </datafield>
   <datafield ind1="2" ind2=" " tag="710">
      <subfield code="6">880-03</subfield>
      <subfield code="a">Jamʻīyah al-Malakīyah lil-Dirāsāt al-Tārīkhīyah (Egypt)</subfield>
      <subfield code="0">http://id.loc.gov/authorities/names/n85097998</subfield>
   </datafield>
   <datafield ind1="0" ind2="2" tag="880">
      <subfield code="6">245-01/(3/r</subfield>
      <subfield code="a">التاريخ الحربي لعصر محمد علي الكبير :</subfield>
      <subfield code="b">خرائط بعض المعارك الحربية، حمص، بيلان، قونية /</subfield>
      <subfield code="c">جمعها وحققها الأمير عمر طوسون.</subfield>
   </datafield>
   <datafield ind1=" " ind2=" " tag="880">
      <subfield code="6">260-00/(3/r</subfield>
      <subfield code="a">[القاهرة] :</subfield>
      <subfield code="b">الجمعية الملكية للدراسات التاريخية،</subfield>
      <subfield code="c">[1949؟]</subfield>
   </datafield>
   <datafield ind1="1" ind2=" " tag="880">
      <subfield code="6">700-02/(3/r</subfield>
      <subfield code="a">طوسون، عمر.</subfield>
   </datafield>
   <datafield ind1="2" ind2=" " tag="880">
      <subfield code="6">710-03/(3/r</subfield>
      <subfield code="a">جمعية الملكية للدراسات التاريخية (مصر)</subfield>
   </datafield>
   <datafield ind1=" " ind2=" " tag="994">
      <subfield code="a">C0</subfield>
      <subfield code="b">PUL</subfield>
   </datafield>
   <datafield ind1=" " ind2=" " tag="999">
      <subfield code="a">1319142</subfield>
   </datafield>
   <datafield ind1=" " ind2=" " tag="979">
      <subfield code="a">(OCoLC)ocn744451796</subfield>
   </datafield>
   <datafield ind1="0" ind2="0" tag="852">
      <subfield code="0">1514568</subfield>
      <subfield code="b">rcppb</subfield>
      <subfield code="h">DS97.5</subfield>
      <subfield code="i">.T37 1949f</subfield>
      <subfield code="t">0</subfield>
      <subfield code="x">tr fr xl</subfield>
   </datafield>
   <datafield ind1=" " ind2=" " tag="959">
      <subfield code="a">2000-06-13 00:00:00 -0400</subfield>
   </datafield>
</record>
